<?xml version='1.0' encoding='UTF-8'?>
<record xmlns="http://www.loc.gov/MARC21/slim">
  <leader>01182cam a2200325 a 4500</leader>
  <controlfield tag="001">856710</controlfield>
  <controlfield tag="003">NjP</controlfield>
  <controlfield tag="005">20170619131222.0</controlfield>
  <controlfield tag="008">940112s1857    ua            000 0 ara d</controlfield>
  <datafield tag="024" ind1="7" ind2=" ">
    <subfield code="a">princeton_aco002800</subfield>
    <subfield code="2">local</subfield>
  </datafield>
  <datafield ind1=" " ind2=" " tag="035">
    <subfield code="a">(OCoLC)ocn176338253</subfield>
  </datafield>
  <datafield ind1=" " ind2=" " tag="035">
    <subfield code="a">(OCoLC)176338253</subfield>
  </datafield>
  <datafield ind1=" " ind2=" " tag="035">
    <subfield code="a">(CStRLIN)NJPG94-B1758</subfield>
  </datafield>
  <datafield ind1=" " ind2=" " tag="035">
    <subfield code="9">CAX1996TS</subfield>
  </datafield>
  <datafield ind1=" " ind2=" " tag="035">
    <subfield code="a">(NjP)856710</subfield>
  </datafield>
  <datafield ind1=" " ind2=" " tag="040">
    <subfield code="a">NjP</subfield>
    <subfield code="c">PUL</subfield>
    <subfield code="d">PUL</subfield>
  </datafield>
  <datafield ind1=" " ind2=" " tag="049">
    <subfield code="a">PULL</subfield>
  </datafield>
  <datafield ind1=" " ind2=" " tag="079">
    <subfield code="a">ocm29685634</subfield>
  </datafield>
  <datafield ind1="0" ind2=" " tag="130">
    <subfield code="6">880-01</subfield>
    <subfield code="a">Majmūʻ muzdawajāt.</subfield>
  </datafield>
  <datafield ind1="1" ind2="0" tag="245">
    <subfield code="6">880-02</subfield>
    <subfield code="a">Hādhā majmūʻ muzdawajāt wa-ghayrihā min al-funnūn.</subfield>
  </datafield>
  <datafield ind1=" " ind2=" " tag="260">
    <subfield code="6">880-03</subfield>
    <subfield code="a">Miṣr :</subfield>
    <subfield code="b">Maṭbaʻat al-Ḥajar al-Ḥamīdah,</subfield>
    <subfield code="c">1274 [1857=1858]</subfield>
  </datafield>
  <datafield ind1=" " ind2=" " tag="300">
    <subfield code="a">55 p. ;</subfield>
    <subfield code="c">20 cm.</subfield>
  </datafield>
  <datafield ind1=" " ind2="0" tag="650">
    <subfield code="a">Arabic poetry.</subfield>
    <subfield code="0">http://id.loc.gov/authorities/subjects/sh85006333</subfield>
  </datafield>
  <datafield ind1="0" ind2=" " tag="880">
    <subfield code="6">130-01/r</subfield>
    <subfield code="a">مجموع مزدوجات.</subfield>
  </datafield>
  <datafield ind1="1" ind2="0" tag="880">
    <subfield code="6">245-02/r</subfield>
    <subfield code="a">هذا مجموع مزدوجات وغيرها من الفنون.</subfield>
  </datafield>
  <datafield ind1=" " ind2=" " tag="880">
    <subfield code="6">260-03/r</subfield>
    <subfield code="a">مصر :</subfield>
    <subfield code="b">مطبعة الحجر الحميدة،</subfield>
    <subfield code="c">1274 [1857=1858]</subfield>
  </datafield>
  <datafield ind1="4" ind2=" " tag="856">
    <subfield code="u">http://hdl.handle.net/2027/njp.32101067574580</subfield>
  </datafield>
  <datafield ind1=" " ind2=" " tag="998">
    <subfield code="a">01/12/94</subfield>
    <subfield code="s">9114</subfield>
    <subfield code="n">NjP</subfield>
    <subfield code="d">01/12/94</subfield>
    <subfield code="c">JAB</subfield>
    <subfield code="b">JAB</subfield>
    <subfield code="i">940112</subfield>
    <subfield code="l">NJPG</subfield>
  </datafield>
  <datafield ind1=" " ind2=" " tag="911">
    <subfield code="a">19940120</subfield>
  </datafield>
  <datafield ind1=" " ind2=" " tag="912">
    <subfield code="a">19940112000000.0</subfield>
  </datafield>
  <datafield ind1=" " ind2=" " tag="994">
    <subfield code="a">C0</subfield>
    <subfield code="b">PUL</subfield>
  </datafield>
  <datafield ind1=" " ind2=" " tag="999">
    <subfield code="a">856710</subfield>
  </datafield>
  <datafield ind1="0" ind2="0" tag="852">
    <subfield code="0">976293</subfield>
    <subfield code="b">rcppa</subfield>
    <subfield code="t">1</subfield>
    <subfield code="h">PJ7631</subfield>
    <subfield code="i">.M345 1857</subfield>
    <subfield code="x">tr fr anxa</subfield>
  </datafield>
  <datafield ind1="8" ind2=" " tag="852">
    <subfield code="0">8684804</subfield>
    <subfield code="b">elf1</subfield>
    <subfield code="h">Electronic Resource</subfield>
  </datafield>
  <datafield ind1=" " ind2=" " tag="959">
    <subfield code="a">2000-06-08 00:00:00 -0500</subfield>
  </datafield>
</record>
